<record><leader>00000cas a22000007a 4500</leader><controlfield tag="001">36891572</controlfield><controlfield tag="008">970512d19971999azudr n       0   a0eng d</controlfield><datafield ind1=" " ind2=" " tag="010"><subfield code="a">sn 99068175 </subfield></datafield><datafield ind1=" " ind2=" " tag="040"><subfield code="a">MSA</subfield><subfield code="b">eng</subfield><subfield code="c">MSA</subfield><subfield code="d">ANN</subfield><subfield code="d">DLC</subfield><subfield code="d">OCLCF</subfield><subfield code="d">OCLCO</subfield></datafield><datafield ind1=" " ind2=" " tag="019"><subfield code="a">42928972</subfield></datafield><datafield ind1="1" ind2=" " tag="029"><subfield code="a">AU@</subfield><subfield code="b">000021237414</subfield></datafield><datafield ind1=" " ind2=" " tag="042"><subfield code="a">msc</subfield></datafield><datafield ind1=" " ind2=" " tag="043"><subfield code="a">n-us-az</subfield></datafield><datafield ind1="0" ind2=" " tag="130"><subfield code="a">Tribune (Mesa, Ariz.)</subfield></datafield><datafield ind1="1" ind2="4" tag="245"><subfield code="a">The tribune.</subfield></datafield><datafield ind1=" " ind2=" " tag="260"><subfield code="a">Mesa, AZ :</subfield><subfield code="b">Thomson Newspapers,</subfield><subfield code="c">1997-1999.</subfield></datafield><datafield ind1=" " ind2=" " tag="300"><subfield code="a">v.</subfield></datafield><datafield ind1=" " ind2=" " tag="310"><subfield code="a">Daily</subfield></datafield><datafield ind1="0" ind2=" " tag="362"><subfield code="a">Vol. 49, no. 122 (May 7, 1997)-vol. 51, no. 342 (Dec. 11, 1999).</subfield></datafield><datafield ind1=" " ind2=" " tag="500"><subfield code="a">"Serving the East Valley communities of Chandler, Gilbert, Mesa and Tempe."</subfield></datafield><datafield ind1=" " ind2=" " tag="580"><subfield code="a">Formed by the union of: Chandler Arizonan tribune; Gilbert tribune; Mesa tribune; Tempe daily news tribune.</subfield></datafield><datafield ind1=" " ind2="0" tag="651"><subfield code="a">Mesa (Ariz.)</subfield><subfield code="v">Newspapers.</subfield></datafield><datafield ind1=" " ind2="0" tag="651"><subfield code="a">Maricopa County (Ariz.)</subfield><subfield code="v">Newspapers.</subfield></datafield><datafield ind1=" " ind2="7" tag="655"><subfield code="a">Newspapers.</subfield><subfield code="2">fast</subfield><subfield code="0">(OCoLC)fst01423814</subfield></datafield><datafield ind1=" " ind2="7" tag="651"><subfield code="a">Arizona</subfield><subfield code="z">Maricopa County.</subfield><subfield code="2">fast</subfield><subfield code="0">(OCoLC)fst01217111</subfield></datafield><datafield ind1=" " ind2="7" tag="651"><subfield code="a">Arizona</subfield><subfield code="z">Mesa.</subfield><subfield code="2">fast</subfield><subfield code="0">(OCoLC)fst01216951</subfield></datafield><datafield ind1="2" ind2=" " tag="710"><subfield code="a">Thomson Newspapers.</subfield></datafield><datafield ind1=" " ind2=" " tag="752"><subfield code="a">United States</subfield><subfield code="b">Arizona</subfield><subfield code="c">Maricopa</subfield><subfield code="d">Mesa.</subfield></datafield><datafield ind1="1" ind2="4" tag="780"><subfield code="t">Chandler Arizonan tribune</subfield><subfield code="w">(OCoLC)23526649</subfield></datafield><datafield ind1="1" ind2="4" tag="780"><subfield code="t">Gilbert tribune</subfield><subfield code="w">(OCoLC)25566505</subfield></datafield><datafield ind1="1" ind2="4" tag="780"><subfield code="t">Mesa tribune</subfield><subfield code="w">(OCoLC)10668694</subfield></datafield><datafield ind1="1" ind2="4" tag="780"><subfield code="t">Tempe daily news tribune</subfield><subfield code="w">(OCoLC)14788712</subfield></datafield><datafield ind1="0" ind2="0" tag="785"><subfield code="t">East Valley tribune</subfield><subfield code="w">(DLC)sn 99068177</subfield><subfield code="w">(OCoLC)43033537</subfield></datafield></record>